1908 3188
632 798 1138 850 PRAEFATIO

237 1031 448 1087 Noviens,
487 1032 522 1073 si
562 1035 674 1074 recte
713 1032 906 1085 memini,
938 1031 1002 1072 vel
1039 1031 1201 1072 octiens
1236 1045 1311 1084 per
1344 1030 1529 1085 quinque
1561 1029 1670 1080 fere

118 1105 256 1146 lustra
275 1104 318 1144 in
346 1103 503 1145 scholis
527 1103 709 1158 publicis
731 1118 755 1144 a
782 1118 848 1144 me
870 1104 1183 1157 pertractatum
1204 1101 1388 1143 Militem
1415 1102 1649 1157 gloriosum

121 1175 208 1216 iam
240 1190 261 1215 e
294 1175 493 1216 manibus
527 1174 698 1227 emitto,
734 1188 819 1214 non
853 1173 973 1228 quasi
1006 1188 1117 1215 nunc
1150 1187 1303 1228 purum
1336 1174 1487 1226 putum
1521 1174 1649 1226 atque

121 1247 235 1291 omni
258 1260 307 1287 ex
330 1248 450 1300 parte
473 1245 812 1300 redintegratum
829 1244 1057 1286 Plautinae
1079 1245 1183 1286 artis
1200 1244 1417 1298 exemplar
1436 1243 1652 1295 haberem,

121 1317 230 1372 quod
254 1317 373 1358 nulla
395 1331 597 1371 umquam
618 1315 815 1370 redipisci
845 1319 962 1357 aetas
990 1316 1163 1370 poterit7
1185 1315 1256 1356 sed
1279 1315 1392 1370 quia,
1419 1317 1649 1370 postquam

122 1389 227 1430 satis
255 1389 324 1429 diu
346 1388 446 1429 huic
473 1388 744 1442 potissimum
772 1387 944 1428 fabulae
966 1387 1254 1428 emendandae
1285 1401 1333 1428 ac
1360 1385 1651 1427 restituendae

123 1474 294 1514 operam
331 1459 438 1514 dedi,
471 1459 649 1500 iuvabat
683 1458 872 1499 adsiduis
907 1459 1137 1500 multorum
1171 1458 1392 1499 laboribus
1426 1457 1651 1511 paullatim

121 1530 185 1571 ita
229 1531 366 1572 cultae
410 1545 458 1571 ac
497 1530 676 1584 politae,
722 1532 769 1570 ut
807 1532 919 1570 certe
959 1530 1180 1583 aliquanto
1220 1528 1483 1570 commodius
1524 1542 1652 1583 quam

122 1601 226 1642 olim
246 1601 333 1656 legi
353 1601 502 1655 possit,
529 1601 758 1656 imaginem
786 1600 959 1655 plenam
982 1603 1110 1655 atque
1130 1614 1376 1654 expressam
1401 1613 1654 1653 proponere.

123 1672 241 1722 Quae
293 1672 328 1713 si
374 1672 608 1712 luminibus
659 1671 916 1726 quibusdam
960 1671 1070 1711 nitet
1113 1670 1317 1725 propriis,
1369 1685 1515 1712 eorum
1565 1684 1654 1711 non

123 1744 302 1785 minima
326 1758 426 1797 pars
452 1742 668 1784 Gustavi
689 1741 879 1783 Loewii
900 1742 1077 1783 debetur
1097 1741 1230 1783 oculis
1252 1740 1447 1796 Lynceis,
1474 1755 1652 1795 quorum

123 1815 318 1856 acumine
370 1829 419 1855 ex
465 1814 747 1869 palimpsesto
794 1813 1083 1855 Ambrosiano
1129 1828 1239 1854 nova
1285 1813 1473 1866 optimae
1517 1812 1653 1867 frugis

124 1886 276 1927 messis
310 1886 489 1926 collecta
522 1889 600 1927 est.
671 1885 751 1935 Qui
786 1886 820 1926 si
854 1886 988 1926 multa
1023 1885 1151 1926 etiam
1185 1899 1298 1925 nunc
1332 1884 1495 1925 incerta
1518 1886 1654 1938 ‘atque

124 1957 167 1997 in
209 1956 397 1997 tenebris
443 1957 609 2010 sepulta
654 1956 826 1997 interim
866 1956 1056 2011 reliquit,
1100 1955 1361 1996 monendum
1409 1958 1475 1996 est
1513 1955 1650 2009 primo

125 2027 247 2081 quasi
274 2028 435 2082 impetu
463 2029 706 2080 reportatae
733 2026 916 2067 necdum
944 2026 1139 2067 examine
1166 2026 1390 2067 subtiliore
1419 2026 1653 2081 castigatae

125 2098 307 2152 praedae
323 2098 558 2152 specimina
573 2098 782 2153 quaedam
804 2098 871 2139 hic
893 2098 1085 2153 proponi,
1107 2098 1237 2139 altius
1259 2113 1357 2139 mox
1378 2097 1649 2152 indagandae

125 2170 443 2211 confirmandae
459 2170 679 2224 augendae
695 2184 811 2224 spem
831 2172 957 2224 atque
974 2169 1198 2211 consilium
1215 2169 1388 2210 minime
1403 2169 1651 2223 deposuisse

126 2241 381 2282 acerrimum
415 2243 710 2283 scrutatorem.
774 2241 943 2296 Insigni
977 2244 1119 2282 autem
1154 2243 1196 2281 et
1228 2240 1356 2281 huius
1390 2240 1469 2281 viri
1502 2239 1654 2294 optimi

127 2314 167 2352 et
200 2312 410 2352 sociorum
445 2312 535 2353 eius
568 2312 830 2353 liberalitate
864 2312 1064 2367 cont-igit,
1103 2315 1153 2353 ut.
1189 2311 1367 2366 integris
1401 2311 1535 2364 copiis
1567 2325 1654 2351 non

127 2382 367 2437 apographi
405 2385 574 2424 tantum
615 2383 749 2437 illius,
789 2383 862 2424 sed
891 2383 1061 2424 Veteris
1102 2382 1249 2435 etiam,
1289 2382 1361 2437 qui
1403 2381 1655 2435 appellatur,

127 2453 284 2495 codicis
317 2452 520 2495 Vaticani
559 2454 624 2495 uti
656 2454 803 2496 liceret
842 2455 895 2495 ab
929 2454 1106 2508 Hit-(Jeme
1138 2453 1318 2495 Hinclcio
1356 2452 1480 2506 mihi,
1519 2452 1655 2506 prius-

127 2538 252 2578 quam
300 2524 352 2565 ad
396 2525 539 2579 plures
581 2525 751 2576 abierit,
796 2524 956 2579 pietate
996 2539 1045 2566 ac
1083 2525 1377 2566 familiaritate
1416 2523 1655 2577 001111111οῒ0,

127 2594 356 2637 Ritschelii
406 2609 535 2636 causa
585 2598 683 2636 ante
728 2596 892 2650 aliquot
943 2610 1077 2636 annos
1122 2595 1450 2649 diligentissime
1499 2595 1654 2635 iteruin

128 2666 306 2708 excussi.
368 2666 448 2707 His
487 2666 621 2721 igitur
660 2667 906 2708 auctoribus
947 2666 1100 2707 nititur
1139 2666 1342 2721 quidquid
1376 2666 1427 2706 de
1464 2666 1655 2706 codicum

128 2736 166 2776 A
200 2739 242 2778 et
273 2736 308 2777 B
342 2737 564 2791 scripturis
604 2737 648 2778 111
687 2737 965 2779 adnotatione
1005 2737 1152 2778 critica
1184 2740 1404 2778 narratum
1444 2736 1654 2789 invenies3

129 2809 260 2861 utque
291 2808 517 2850 Decurtati
544 2809 795 2850 memoriam
828 2809 974 2850 eadem
1007 2808 1087 2848 fide
1120 2811 1442 2862 repraesentare
1473 2822 1656 2862 possem,

129 2878 221 2932 ipse
266 2878 378 2919 hunc
424 2879 593 2933 quidem
635 2879 790 2920 librum
831 2879 1118 2933 Heidelberga
1160 2880 1336 2921 comiter
1374 2879 1477 2920 mihi
1516 2881 1654 2919 trans-
