<?xml version="1.0" encoding="UTF-8"?>
<!DOCTYPE html PUBLIC "-//W3C//DTD XHTML 1.0 Transitional//EN"
    "http://www.w3.org/TR/xhtml1/DTD/xhtml1-transitional.dtd">
<html xmlns="http://www.w3.org/1999/xhtml" xml:lang="en" lang="en">
 <head>
  <title>
</title>
<meta http-equiv="Content-Type" content="text/html;charset=utf-8" />
  <meta name='ocr-system' content='tesseract 3.04.00' />
  <meta name='ocr-capabilities' content='ocr_page ocr_carea ocr_par ocr_line ocrx_word'/>
</head>
<body>
  <div class='ocr_page' id='page_1' title='image "./milesgloriosus00plauuoft/milesgloriosus00plauuoft_0027.png"; bbox 0 0 1908 3188; ppageno 0'>
   <div class='ocr_carea' id='block_1_1' title="bbox 122 139 1646 186">
    <p class='ocr_par' dir='ltr' id='par_1_1' title="bbox 122 139 1646 186">
     <span class='ocr_line' id='line_1_1' title="bbox 122 139 1646 186; baseline 0 -8"><span class='ocrx_word' id='word_1_1' title='bbox 122 144 157 178; x_wconf 93' lang='lat' dir='ltr'>II</span> <span class='ocrx_word' id='word_1_2' title='bbox 185 149 214 186; x_wconf 93' lang='lat'>1,</span> <span class='ocrx_word' id='word_1_3' title='bbox 241 148 381 179; x_wconf 57' lang='lat'>42‡70</span> <span class='ocrx_word' id='word_1_4' title='bbox 668 141 811 177; x_wconf 71' lang='lat' dir='ltr'>MlLES</span> <span class='ocrx_word' id='word_1_5' title='bbox 838 140 1106 177; x_wconf 72' lang='lat' dir='ltr'><strong>GLORIOSVS</strong></span> <span class='ocrx_word' id='word_1_6' title='bbox 1595 139 1646 179; x_wconf 87' lang='lat'>13</span> 
     </span>
    </p>
   </div>
   <div class='ocr_carea' id='block_1_2' title="bbox 114 248 1646 2298">
    <p class='ocr_par' dir='ltr' id='par_1_2' title="bbox 118 248 1645 379">
     <span class='ocr_line' id='line_1_2' title="bbox 118 248 1645 306; baseline -0.004 -12"><span class='ocrx_word' id='word_1_7' title='bbox 118 253 199 294; x_wconf 87' lang='lat' dir='ltr'>Ille</span> <span class='ocrx_word' id='word_1_8' title='bbox 230 255 303 306; x_wconf 71' lang='lat' dir='ltr'>qui</span> <span class='ocrx_word' id='word_1_9' title='bbox 332 267 399 294; x_wconf 89' lang='lat' dir='ltr'>me</span> <span class='ocrx_word' id='word_1_10' title='bbox 431 253 545 306; x_wconf 80' lang='lat' dir='ltr'>cepit</span> <span class='ocrx_word' id='word_1_11' title='bbox 577 252 651 293; x_wconf 72' lang='lat' dir='ltr'>chit</span> <span class='ocrx_word' id='word_1_12' title='bbox 682 267 748 293; x_wconf 91' lang='lat' dir='ltr'>me</span> <span class='ocrx_word' id='word_1_13' title='bbox 781 251 879 293; x_wconf 91' lang='lat' dir='ltr'>huic</span> <span class='ocrx_word' id='word_1_14' title='bbox 912 251 1022 292; x_wconf 87' lang='lat' dir='ltr'>dono</span> <span class='ocrx_word' id='word_1_15' title='bbox 1056 248 1195 292; x_wconf 72' lang='lat' dir='ltr'>militi.</span> <span class='ocrx_word' id='word_1_16' title='bbox 1580 259 1645 289; x_wconf 71' lang='lat'>1⁵20</span> 
     </span>
     <span class='ocr_line' id='line_1_3' title="bbox 118 318 1363 379; baseline -0.004 -13"><span class='ocrx_word' id='word_1_17' title='bbox 118 324 198 366; x_wconf 94' lang='lat' dir='ltr'>Hic</span> <span class='ocrx_word' id='word_1_18' title='bbox 231 326 440 379; x_wconf 88' lang='lat' dir='ltr'>posquam</span> <span class='ocrx_word' id='word_1_19' title='bbox 473 323 516 364; x_wconf 87' lang='lat' dir='ltr'>in</span> <span class='ocrx_word' id='word_1_20' title='bbox 551 322 666 364; x_wconf 85' lang='lat' dir='ltr'>aedis</span> <span class='ocrx_word' id='word_1_21' title='bbox 700 336 767 363; x_wconf 91' lang='lat' dir='ltr'>me</span> <span class='ocrx_word' id='word_1_22' title='bbox 801 322 853 363; x_wconf 74' lang='lat' dir='ltr'>ad</span> <span class='ocrx_word' id='word_1_23' title='bbox 886 336 930 363; x_wconf 84' lang='lat' dir='ltr'>se</span> <span class='ocrx_word' id='word_1_24' title='bbox 962 319 1137 362; x_wconf 74' lang='lat' dir='ltr'>deduxit</span> <span class='ocrx_word' id='word_1_25' title='bbox 1158 318 1363 373; x_wconf 78' lang='lat' dir='ltr'>domum,</span> 
     </span>
    </p>

    <p class='ocr_par' dir='ltr' id='par_1_3' title="bbox 118 391 1325 449">
     <span class='ocr_line' id='line_1_4' title="bbox 118 391 1325 449; baseline -0.003 -13"><span class='ocrx_word' id='word_1_26' title='bbox 118 394 252 437; x_wconf 89' lang='lat' dir='ltr'>Video</span> <span class='ocrx_word' id='word_1_27' title='bbox 285 393 421 449; x_wconf 75' lang='lat' dir='ltr'>illam,</span> <span class='ocrx_word' id='word_1_28' title='bbox 454 394 633 435; x_wconf 82' lang='lat' dir='ltr'>amicam</span> <span class='ocrx_word' id='word_1_29' title='bbox 667 391 839 447; x_wconf 72' lang='lat' dir='ltr'>erilem,</span> <span class='ocrx_word' id='word_1_30' title='bbox 872 392 1056 434; x_wconf 89' lang='lat' dir='ltr'>Athenis</span> <span class='ocrx_word' id='word_1_31' title='bbox 1090 393 1198 446; x_wconf 78' lang='lat' dir='ltr'>quao</span> <span class='ocrx_word' id='word_1_32' title='bbox 1230 391 1325 432; x_wconf 88' lang='lat' dir='ltr'>fuit.</span> 
     </span>
    </p>

    <p class='ocr_par' dir='ltr' id='par_1_4' title="bbox 117 461 1379 519">
     <span class='ocr_line' id='line_1_5' title="bbox 117 461 1379 519; baseline -0.005 -11"><span class='ocrx_word' id='word_1_33' title='bbox 117 465 200 508; x_wconf 88' lang='lat' dir='ltr'>Vbi</span> <span class='ocrx_word' id='word_1_34' title='bbox 234 467 384 508; x_wconf 87' lang='lat' dir='ltr'>contra</span> <span class='ocrx_word' id='word_1_35' title='bbox 416 465 584 519; x_wconf 87' lang='lat' dir='ltr'>aspexit</span> <span class='ocrx_word' id='word_1_36' title='bbox 616 478 700 518; x_wconf 88' lang='lat' dir='ltr'>me,</span> <span class='ocrx_word' id='word_1_37' title='bbox 734 464 868 505; x_wconf 88' lang='lat' dir='ltr'>oculis</span> <span class='ocrx_word' id='word_1_38' title='bbox 901 463 1006 504; x_wconf 89' lang='lat' dir='ltr'>mihi</span> <span class='ocrx_word' id='word_1_39' title='bbox 1040 463 1212 517; x_wconf 70' lang='lat' dir='ltr'>signum</span> <span class='ocrx_word' id='word_1_40' title='bbox 1247 461 1379 515; x_wconf 83' lang='lat' dir='ltr'><strong>dedit,</strong></span> 
     </span>
    </p>

    <p class='ocr_par' dir='ltr' id='par_1_5' title="bbox 116 533 1286 591">
     <span class='ocr_line' id='line_1_6' title="bbox 116 533 1286 591; baseline -0.003 -13"><span class='ocrx_word' id='word_1_41' title='bbox 116 536 182 579; x_wconf 88' lang='lat' dir='ltr'>Ne</span> <span class='ocrx_word' id='word_1_42' title='bbox 215 552 259 578; x_wconf 91' lang='lat' dir='ltr'>se</span> <span class='ocrx_word' id='word_1_43' title='bbox 292 536 566 591; x_wconf 66' lang='lat' dir='ltr'>⁴[ippellarem.</span> <span class='ocrx_word' id='word_1_44' title='bbox 611 533 781 588; x_wconf 72' lang='lat' dir='ltr'>deinde,</span> <span class='ocrx_word' id='word_1_45' title='bbox 814 549 1022 589; x_wconf 86' lang='lat' dir='ltr'>posquam</span> <span class='ocrx_word' id='word_1_46' title='bbox 1056 534 1286 587; x_wconf 73' lang='lat' dir='ltr'>occasiost,</span> 
     </span>
    </p>

    <p class='ocr_par' dir='ltr' id='par_1_6' title="bbox 117 606 1645 733">
     <span class='ocr_line' id='line_1_7' title="bbox 117 606 1645 662; baseline -0.004 -13"><span class='ocrx_word' id='word_1_47' title='bbox 117 607 402 662; x_wconf 68' lang='lat' dir='ltr'>Conqueritur</span> <span class='ocrx_word' id='word_1_48' title='bbox 435 622 599 648; x_wconf 87' lang='lat' dir='ltr'>mecum</span> <span class='ocrx_word' id='word_1_49' title='bbox 633 606 785 647; x_wconf 71' lang='lat' dir='ltr'>mulier</span> <span class='ocrx_word' id='word_1_50' title='bbox 817 606 1011 646; x_wconf 59' lang='lat' dir='ltr'>fortunas</span> <span class='ocrx_word' id='word_1_51' title='bbox 1045 619 1155 646; x_wconf 86' lang='lat' dir='ltr'>suas.</span> <span class='ocrx_word' id='word_1_52' title='bbox 1582 614 1645 644; x_wconf 70' lang='lat'>125</span> 
     </span>
     <span class='ocr_line' id='line_1_8' title="bbox 117 675 1293 733; baseline -0.005 -12"><span class='ocrx_word' id='word_1_53' title='bbox 117 679 193 720; x_wconf 87' lang='lat' dir='ltr'>Ait</span> <span class='ocrx_word' id='word_1_54' title='bbox 225 680 318 721; x_wconf 74' lang='lat' dir='ltr'>sose</span> <span class='ocrx_word' id='word_1_55' title='bbox 355 678 548 720; x_wconf 77' lang='lat' dir='ltr'><strong>Athenas</strong></span> <span class='ocrx_word' id='word_1_56' title='bbox 582 678 728 733; x_wconf 77' lang='lat' dir='ltr'>fugere</span> <span class='ocrx_word' id='word_1_57' title='bbox 761 691 916 731; x_wconf 83' lang='lat' dir='ltr'>cupere</span> <span class='ocrx_word' id='word_1_58' title='bbox 950 691 1000 718; x_wconf 87' lang='lat' dir='ltr'>ex</span> <span class='ocrx_word' id='word_1_59' title='bbox 1031 675 1113 716; x_wconf 72' lang='lat' dir='ltr'>hac</span> <span class='ocrx_word' id='word_1_60' title='bbox 1146 675 1293 716; x_wconf 90' lang='lat' dir='ltr'>domu:</span> 
     </span>
    </p>

    <p class='ocr_par' dir='ltr' id='par_1_7' title="bbox 117 745 1368 803">
     <span class='ocr_line' id='line_1_9' title="bbox 117 745 1368 803; baseline -0.005 -11"><span class='ocrx_word' id='word_1_61' title='bbox 117 749 217 792; x_wconf 82' lang='lat' dir='ltr'>Sese</span> <span class='ocrx_word' id='word_1_62' title='bbox 249 749 373 792; x_wconf 70' lang='lat' dir='ltr'>illum</span> <span class='ocrx_word' id='word_1_63' title='bbox 406 762 565 803; x_wconf 79' lang='lat' dir='ltr'>amare,</span> <span class='ocrx_word' id='word_1_64' title='bbox 600 750 742 790; x_wconf 77' lang='lat' dir='ltr'>meum</span> <span class='ocrx_word' id='word_1_65' title='bbox 776 763 907 801; x_wconf 85' lang='lat' dir='ltr'>erum,</span> <span class='ocrx_word' id='word_1_66' title='bbox 947 747 1130 788; x_wconf 87' lang='lat' dir='ltr'>Athenis</span> <span class='ocrx_word' id='word_1_67' title='bbox 1165 745 1241 800; x_wconf 77' lang='lat' dir='ltr'>qus</span> <span class='ocrx_word' id='word_1_68' title='bbox 1269 745 1368 799; x_wconf 82' lang='lat' dir='ltr'>fuit,</span> 
     </span>
    </p>

    <p class='ocr_par' dir='ltr' id='par_1_8' title="bbox 116 816 1433 876">
     <span class='ocr_line' id='line_1_10' title="bbox 116 816 1433 876; baseline -0.005 -13"><span class='ocrx_word' id='word_1_69' title='bbox 116 820 266 876; x_wconf 83' lang='lat' dir='ltr'>Neque</span> <span class='ocrx_word' id='word_1_70' title='bbox 299 822 418 876; x_wconf 70' lang='lat' dir='ltr'>peius</span> <span class='ocrx_word' id='word_1_71' title='bbox 452 835 706 875; x_wconf 82' lang='lat' dir='ltr'>quemquam</span> <span class='ocrx_word' id='word_1_72' title='bbox 742 819 881 861; x_wconf 71' lang='lat' dir='ltr'>odisse</span> <span class='ocrx_word' id='word_1_73' title='bbox 915 834 1042 874; x_wconf 88' lang='lat' dir='ltr'>quam</span> <span class='ocrx_word' id='word_1_74' title='bbox 1076 819 1204 859; x_wconf 88' lang='lat' dir='ltr'>istum</span> <span class='ocrx_word' id='word_1_75' title='bbox 1238 816 1433 858; x_wconf 71' lang='lat' dir='ltr'>militem.</span> 
     </span>
    </p>

    <p class='ocr_par' dir='ltr' id='par_1_9' title="bbox 116 889 1181 947">
     <span class='ocr_line' id='line_1_11' title="bbox 116 889 1181 947; baseline -0.004 -13"><span class='ocrx_word' id='word_1_76' title='bbox 116 891 211 947; x_wconf 84' lang='lat' dir='ltr'>Ego</span> <span class='ocrx_word' id='word_1_77' title='bbox 244 893 448 947; x_wconf 83' lang='lat' dir='ltr'>quoniam</span> <span class='ocrx_word' id='word_1_78' title='bbox 481 892 648 946; x_wconf 84' lang='lat' dir='ltr'>inspexi</span> <span class='ocrx_word' id='word_1_79' title='bbox 680 891 870 932; x_wconf 76' lang='lat' dir='ltr'>mulieris</span> <span class='ocrx_word' id='word_1_80' title='bbox 905 889 1181 940; x_wconf 72' lang='lat' dir='ltr'>sententiam,</span> 
     </span>
    </p>

    <p class='ocr_par' dir='ltr' id='par_1_10' title="bbox 115 961 1646 1089">
     <span class='ocr_line' id='line_1_12' title="bbox 118 961 1646 1018; baseline -0.004 -13"><span class='ocrx_word' id='word_1_81' title='bbox 118 961 227 1018; x_wconf 72' lang='lat' dir='ltr'>Cepi</span> <span class='ocrx_word' id='word_1_82' title='bbox 255 964 459 1018; x_wconf 82' lang='lat' dir='ltr'>tabellas,</span> <span class='ocrx_word' id='word_1_83' title='bbox 491 963 745 1017; x_wconf 83' lang='lat' dir='ltr'>consignaui</span> <span class='ocrx_word' id='word_1_84' title='bbox 779 962 1039 1015; x_wconf 65' lang='lat' dir='ltr'>clanculum,</span> <span class='ocrx_word' id='word_1_85' title='bbox 1583 970 1646 999; x_wconf 73' lang='lat'>1:30</span> 
     </span>
     <span class='ocr_line' id='line_1_13' title="bbox 115 1031 1266 1089; baseline -0.004 -12"><span class='ocrx_word' id='word_1_86' title='bbox 115 1034 224 1076; x_wconf 88' lang='lat' dir='ltr'>Dedi</span> <span class='ocrx_word' id='word_1_87' title='bbox 256 1035 483 1077; x_wconf 70' lang='lat' dir='ltr'>mercatori</span> <span class='ocrx_word' id='word_1_88' title='bbox 517 1032 702 1087; x_wconf 74' lang='lat' dir='ltr'>cuidam,</span> <span class='ocrx_word' id='word_1_89' title='bbox 735 1034 806 1089; x_wconf 88' lang='lat' dir='ltr'>qui</span> <span class='ocrx_word' id='word_1_90' title='bbox 840 1033 893 1074; x_wconf 88' lang='lat' dir='ltr'>ad</span> <span class='ocrx_word' id='word_1_91' title='bbox 926 1033 1048 1074; x_wconf 90' lang='lat' dir='ltr'>illum</span> <span class='ocrx_word' id='word_1_92' title='bbox 1083 1031 1266 1085; x_wconf 70' lang='lat' dir='ltr'>deferat,</span> 
     </span>
    </p>

    <p class='ocr_par' dir='ltr' id='par_1_11' title="bbox 115 1102 1461 1161">
     <span class='ocr_line' id='line_1_14' title="bbox 115 1102 1461 1161; baseline -0.004 -14"><span class='ocrx_word' id='word_1_93' title='bbox 115 1105 258 1147; x_wconf 91' lang='lat' dir='ltr'>Meum</span> <span class='ocrx_word' id='word_1_94' title='bbox 291 1109 427 1160; x_wconf 78' lang='lat' dir='ltr'>enim,</span> <span class='ocrx_word' id='word_1_95' title='bbox 461 1107 533 1161; x_wconf 90' lang='lat' dir='ltr'>qui</span> <span class='ocrx_word' id='word_1_96' title='bbox 566 1106 747 1147; x_wconf 79' lang='lat' dir='ltr'>Athenis</span> <span class='ocrx_word' id='word_1_97' title='bbox 780 1105 939 1159; x_wconf 77' lang='lat' dir='ltr'>fuerat,</span> <span class='ocrx_word' id='word_1_98' title='bbox 972 1104 1044 1159; x_wconf 91' lang='lat' dir='ltr'>qui</span> <span class='ocrx_word' id='word_1_99' title='bbox 1076 1103 1187 1144; x_wconf 86' lang='lat' dir='ltr'>hanc</span> <span class='ocrx_word' id='word_1_100' title='bbox 1222 1102 1461 1155; x_wconf 66' lang='lat' dir='ltr'>amziuerat‚</span> 
     </span>
    </p>

    <p class='ocr_par' dir='ltr' id='par_1_12' title="bbox 115 1174 1213 1230">
     <span class='ocr_line' id='line_1_15' title="bbox 115 1174 1213 1230; baseline -0.004 -12"><span class='ocrx_word' id='word_1_101' title='bbox 115 1176 176 1218; x_wconf 90' lang='lat' dir='ltr'>Vt</span> <span class='ocrx_word' id='word_1_102' title='bbox 206 1177 242 1218; x_wconf 88' lang='lat' dir='ltr'>is</span> <span class='ocrx_word' id='word_1_103' title='bbox 272 1177 357 1219; x_wconf 75' lang='lat' dir='ltr'>h1ie</span> <span class='ocrx_word' id='word_1_104' title='bbox 389 1177 566 1218; x_wconf 86' lang='lat' dir='ltr'>ueniret.</span> <span class='ocrx_word' id='word_1_105' title='bbox 616 1175 652 1217; x_wconf 76' lang='lat' dir='ltr'>ss</span> <span class='ocrx_word' id='word_1_106' title='bbox 685 1191 771 1218; x_wconf 89' lang='lat' dir='ltr'>non</span> <span class='ocrx_word' id='word_1_107' title='bbox 805 1175 967 1230; x_wconf 86' lang='lat' dir='ltr'>spreuit</span> <span class='ocrx_word' id='word_1_108' title='bbox 998 1174 1213 1216; x_wconf 88' lang='lat' dir='ltr'>nontium:</span> 
     </span>
    </p>

    <p class='ocr_par' dir='ltr' id='par_1_13' title="bbox 115 1245 1286 1302">
     <span class='ocr_line' id='line_1_16' title="bbox 115 1245 1286 1302; baseline -0.004 -12"><span class='ocrx_word' id='word_1_109' title='bbox 115 1246 226 1289; x_wconf 84' lang='lat' dir='ltr'>Nam</span> <span class='ocrx_word' id='word_1_110' title='bbox 261 1251 304 1290; x_wconf 90' lang='lat' dir='ltr'>et</span> <span class='ocrx_word' id='word_1_111' title='bbox 335 1249 454 1290; x_wconf 77' lang='lat' dir='ltr'>uenit</span> <span class='ocrx_word' id='word_1_112' title='bbox 486 1249 520 1290; x_wconf 92' lang='lat' dir='ltr'>is</span> <span class='ocrx_word' id='word_1_113' title='bbox 555 1251 597 1289; x_wconf 91' lang='lat' dir='ltr'>et</span> <span class='ocrx_word' id='word_1_114' title='bbox 628 1248 673 1289; x_wconf 88' lang='lat' dir='ltr'>in</span> <span class='ocrx_word' id='word_1_115' title='bbox 705 1249 914 1302; x_wconf 83' lang='lat' dir='ltr'>proxumo</span> <span class='ocrx_word' id='word_1_116' title='bbox 947 1247 1015 1288; x_wconf 89' lang='lat' dir='ltr'>hic</span> <span class='ocrx_word' id='word_1_117' title='bbox 1048 1245 1286 1287; x_wconf 88' lang='lat' dir='ltr'>deuortitur</span> 
     </span>
    </p>

    <p class='ocr_par' dir='ltr' id='par_1_14' title="bbox 115 1317 1645 1445">
     <span class='ocr_line' id='line_1_17' title="bbox 115 1317 1645 1374; baseline -0.004 -13"><span class='ocrx_word' id='word_1_118' title='bbox 115 1319 243 1374; x_wconf 72' lang='lat' dir='ltr'>Apud</span> <span class='ocrx_word' id='word_1_119' title='bbox 274 1325 502 1374; x_wconf 88' lang='lat' dir='ltr'>paternum</span> <span class='ocrx_word' id='word_1_120' title='bbox 537 1334 657 1361; x_wconf 90' lang='lat' dir='ltr'>suom</span> <span class='ocrx_word' id='word_1_121' title='bbox 690 1318 925 1372; x_wconf 81' lang='lat' dir='ltr'>hospitem,</span> <span class='ocrx_word' id='word_1_122' title='bbox 957 1317 1145 1372; x_wconf 73' lang='lat' dir='ltr'>lepidum</span> <span class='ocrx_word' id='word_1_123' title='bbox 1179 1330 1335 1357; x_wconf 88' lang='lat' dir='ltr'>senem.</span> <span class='ocrx_word' id='word_1_124' title='bbox 1582 1326 1645 1356; x_wconf 79' lang='lat'>135</span> 
     </span>
     <span class='ocr_line' id='line_1_18' title="bbox 115 1388 1183 1445; baseline -0.004 -13"><span class='ocrx_word' id='word_1_125' title='bbox 115 1389 241 1445; x_wconf 88' lang='lat' dir='ltr'>Isque</span> <span class='ocrx_word' id='word_1_126' title='bbox 272 1388 338 1432; x_wconf 85' lang='lat' dir='ltr'>ssli</span> <span class='ocrx_word' id='word_1_127' title='bbox 372 1391 537 1432; x_wconf 86' lang='lat' dir='ltr'>amanti</span> <span class='ocrx_word' id='word_1_128' title='bbox 569 1405 646 1432; x_wconf 86' lang='lat' dir='ltr'>suo</span> <span class='ocrx_word' id='word_1_129' title='bbox 679 1389 844 1443; x_wconf 88' lang='lat' dir='ltr'>hospiti</span> <span class='ocrx_word' id='word_1_130' title='bbox 876 1390 1040 1430; x_wconf 72' lang='lat' dir='ltr'>morem</span> <span class='ocrx_word' id='word_1_131' title='bbox 1073 1388 1183 1444; x_wconf 81' lang='lat' dir='ltr'>gerit</span> 
     </span>
    </p>

    <p class='ocr_par' dir='ltr' id='par_1_15' title="bbox 116 1459 1209 1516">
     <span class='ocr_line' id='line_1_19' title="bbox 116 1459 1209 1516; baseline -0.004 -13"><span class='ocrx_word' id='word_1_132' title='bbox 116 1461 290 1516; x_wconf 87' lang='lat' dir='ltr'>Nosque</span> <span class='ocrx_word' id='word_1_133' title='bbox 323 1463 453 1516; x_wconf 86' lang='lat' dir='ltr'>opera</span> <span class='ocrx_word' id='word_1_134' title='bbox 485 1461 749 1515; x_wconf 87' lang='lat' dir='ltr'>consilioque</span> <span class='ocrx_word' id='word_1_135' title='bbox 784 1460 1038 1501; x_wconf 71' lang='lat' dir='ltr'>adhortatur</span> <span class='ocrx_word' id='word_1_136' title='bbox 1076 1459 1209 1500; x_wconf 86' lang='lat' dir='ltr'>iuuat.</span> 
     </span>
    </p>

    <p class='ocr_par' dir='ltr' id='par_1_16' title="bbox 114 1529 1296 1588">
     <span class='ocr_line' id='line_1_20' title="bbox 114 1529 1296 1588; baseline -0.003 -15"><span class='ocrx_word' id='word_1_137' title='bbox 114 1531 265 1588; x_wconf 88' lang='lat' dir='ltr'>Itaque</span> <span class='ocrx_word' id='word_1_138' title='bbox 297 1533 376 1588; x_wconf 74' lang='lat' dir='ltr'>ogo</span> <span class='ocrx_word' id='word_1_139' title='bbox 411 1533 563 1587; x_wconf 85' lang='lat' dir='ltr'>paraui</span> <span class='ocrx_word' id='word_1_140' title='bbox 596 1532 666 1573; x_wconf 91' lang='lat' dir='ltr'>hic</span> <span class='ocrx_word' id='word_1_141' title='bbox 698 1530 814 1573; x_wconf 73' lang='lat' dir='ltr'>intus</span> <span class='ocrx_word' id='word_1_142' title='bbox 847 1545 1026 1586; x_wconf 85' lang='lat' dir='ltr'>magnas</span> <span class='ocrx_word' id='word_1_143' title='bbox 1059 1529 1296 1582; x_wconf 77' lang='lat' dir='ltr'>machinas,</span> 
     </span>
    </p>

    <p class='ocr_par' dir='ltr' id='par_1_17' title="bbox 116 1601 1236 1652">
     <span class='ocr_line' id='line_1_21' title="bbox 116 1601 1236 1652; baseline -0.002 -9"><span class='ocrx_word' id='word_1_144' title='bbox 116 1601 199 1652; x_wconf 82' lang='lat' dir='ltr'>Qui</span> <span class='ocrx_word' id='word_1_145' title='bbox 232 1604 419 1645; x_wconf 73' lang='lat' dir='ltr'>amantis</span> <span class='ocrx_word' id='word_1_146' title='bbox 451 1619 536 1645; x_wconf 85' lang='lat' dir='ltr'>una</span> <span class='ocrx_word' id='word_1_147' title='bbox 568 1604 682 1645; x_wconf 73' lang='lat' dir='ltr'>inter</span> <span class='ocrx_word' id='word_1_148' title='bbox 714 1617 758 1644; x_wconf 88' lang='lat' dir='ltr'>se</span> <span class='ocrx_word' id='word_1_149' title='bbox 791 1602 975 1644; x_wconf 87' lang='lat' dir='ltr'>facerem</span> <span class='ocrx_word' id='word_1_150' title='bbox 1009 1602 1236 1643; x_wconf 90' lang='lat' dir='ltr'>conuenas.</span> 
     </span>
    </p>

    <p class='ocr_par' dir='ltr' id='par_1_18' title="bbox 115 1671 1645 1800">
     <span class='ocr_line' id='line_1_22' title="bbox 115 1671 1645 1726; baseline -0.001 -12"><span class='ocrx_word' id='word_1_151' title='bbox 115 1672 227 1714; x_wconf 85' lang='lat' dir='ltr'>Nam</span> <span class='ocrx_word' id='word_1_152' title='bbox 260 1677 393 1715; x_wconf 76' lang='lat' dir='ltr'>unum</span> <span class='ocrx_word' id='word_1_153' title='bbox 426 1674 627 1716; x_wconf 86' lang='lat' dir='ltr'>conclaue</span> <span class='ocrx_word' id='word_1_154' title='bbox 660 1673 923 1715; x_wconf 75' lang='lat' dir='ltr'>concubinae</span> <span class='ocrx_word' id='word_1_155' title='bbox 948 1672 1069 1726; x_wconf 68' lang='lat' dir='ltr'>&#39;quod</span> <span class='ocrx_word' id='word_1_156' title='bbox 1102 1671 1218 1712; x_wconf 85' lang='lat' dir='ltr'>dedit</span> <span class='ocrx_word' id='word_1_157' title='bbox 1580 1683 1645 1713; x_wconf 79' lang='lat'>140</span> 
     </span>
     <span class='ocr_line' id='line_1_23' title="bbox 115 1742 1219 1800; baseline -0.002 -15"><span class='ocrx_word' id='word_1_158' title='bbox 115 1743 257 1799; x_wconf 73' lang='lat' dir='ltr'>Miles,</span> <span class='ocrx_word' id='word_1_159' title='bbox 290 1759 373 1800; x_wconf 92' lang='lat' dir='ltr'>quo</span> <span class='ocrx_word' id='word_1_160' title='bbox 405 1759 530 1786; x_wconf 88' lang='lat' dir='ltr'>nemo</span> <span class='ocrx_word' id='word_1_161' title='bbox 563 1744 647 1786; x_wconf 81' lang='lat' dir='ltr'>ni‘si</span> <span class='ocrx_word' id='word_1_162' title='bbox 680 1759 806 1799; x_wconf 85' lang='lat' dir='ltr'>eapse</span> <span class='ocrx_word' id='word_1_163' title='bbox 841 1744 1019 1785; x_wconf 77' lang='lat' dir='ltr'>inferret</span> <span class='ocrx_word' id='word_1_164' title='bbox 1050 1742 1219 1797; x_wconf 84' lang='lat' dir='ltr'>pedem,</span> 
     </span>
    </p>

    <p class='ocr_par' dir='ltr' id='par_1_19' title="bbox 114 1815 1075 1872">
     <span class='ocr_line' id='line_1_24' title="bbox 114 1815 1075 1872; baseline -0.001 -16"><span class='ocrx_word' id='word_1_165' title='bbox 114 1815 165 1856; x_wconf 90' lang='lat' dir='ltr'>In</span> <span class='ocrx_word' id='word_1_166' title='bbox 197 1816 246 1856; x_wconf 85' lang='lat' dir='ltr'>eo</span> <span class='ocrx_word' id='word_1_167' title='bbox 280 1816 505 1858; x_wconf 86' lang='lat' dir='ltr'>conclauid</span> <span class='ocrx_word' id='word_1_168' title='bbox 538 1817 617 1872; x_wconf 77' lang='lat' dir='ltr'>ogo</span> <span class='ocrx_word' id='word_1_169' title='bbox 650 1816 817 1870; x_wconf 88' lang='lat' dir='ltr'>perfodi</span> <span class='ocrx_word' id='word_1_170' title='bbox 850 1815 1075 1870; x_wconf 74' lang='lat' dir='ltr'>parietem,</span> 
     </span>
    </p>

    <p class='ocr_par' dir='ltr' id='par_1_20' title="bbox 116 1885 1257 1936">
     <span class='ocr_line' id='line_1_25' title="bbox 116 1885 1257 1936; baseline 0 -9"><span class='ocrx_word' id='word_1_171' title='bbox 116 1885 210 1936; x_wconf 84' lang='lat' dir='ltr'>Qua</span> <span class='ocrx_word' id='word_1_172' title='bbox 242 1888 506 1929; x_wconf 80' lang='lat' dir='ltr'>commeatus</span> <span class='ocrx_word' id='word_1_173' title='bbox 540 1888 650 1929; x_wconf 74' lang='lat' dir='ltr'>clam</span> <span class='ocrx_word' id='word_1_174' title='bbox 684 1890 798 1929; x_wconf 90' lang='lat' dir='ltr'>esset</span> <span class='ocrx_word' id='word_1_175' title='bbox 829 1887 930 1928; x_wconf 89' lang='lat' dir='ltr'>hinc</span> <span class='ocrx_word' id='word_1_176' title='bbox 962 1886 1044 1927; x_wconf 91' lang='lat' dir='ltr'>huc</span> <span class='ocrx_word' id='word_1_177' title='bbox 1078 1885 1257 1927; x_wconf 71' lang='lat' dir='ltr'>mulieri.</span> 
     </span>
    </p>

    <p class='ocr_par' dir='ltr' id='par_1_21' title="bbox 114 1956 1234 2001">
     <span class='ocr_line' id='line_1_26' title="bbox 114 1956 1234 2001; baseline -0.001 -3"><span class='ocrx_word' id='word_1_178' title='bbox 114 1957 173 1999; x_wconf 90' lang='lat' dir='ltr'>Et</span> <span class='ocrx_word' id='word_1_179' title='bbox 205 1959 305 1999; x_wconf 76' lang='lat' dir='ltr'>sene</span> <span class='ocrx_word' id='word_1_180' title='bbox 338 1959 497 2000; x_wconf 87' lang='lat' dir='ltr'>sciente</span> <span class='ocrx_word' id='word_1_181' title='bbox 530 1959 613 2001; x_wconf 89' lang='lat' dir='ltr'>hoc</span> <span class='ocrx_word' id='word_1_182' title='bbox 644 1958 742 2000; x_wconf 77' lang='lat' dir='ltr'>foci:</span> <span class='ocrx_word' id='word_1_183' title='bbox 775 1959 811 1999; x_wconf 87' lang='lat' dir='ltr'>is</span> <span class='ocrx_word' id='word_1_184' title='bbox 846 1958 1074 1999; x_wconf 80' lang='lat' dir='ltr'>consilium</span> <span class='ocrx_word' id='word_1_185' title='bbox 1109 1956 1234 1998; x_wconf 86' lang='lat' dir='ltr'>dedit.</span> 
     </span>
    </p>

    <p class='ocr_par' dir='ltr' id='par_1_22' title="bbox 114 2026 1643 2150">
     <span class='ocr_line' id='line_1_27' title="bbox 114 2026 1643 2082; baseline -0.001 -11"><span class='ocrx_word' id='word_1_186' title='bbox 114 2027 227 2070; x_wconf 86' lang='lat' dir='ltr'>Nam</span> <span class='ocrx_word' id='word_1_187' title='bbox 260 2031 379 2070; x_wconf 75' lang='lat' dir='ltr'>mous</span> <span class='ocrx_word' id='word_1_188' title='bbox 413 2044 643 2071; x_wconf 86' lang='lat' dir='ltr'>conseruos</span> <span class='ocrx_word' id='word_1_189' title='bbox 676 2030 741 2071; x_wconf 74' lang='lat' dir='ltr'>est</span> <span class='ocrx_word' id='word_1_190' title='bbox 772 2029 901 2071; x_wconf 89' lang='lat' dir='ltr'>homo</span> <span class='ocrx_word' id='word_1_191' title='bbox 933 2029 1041 2070; x_wconf 89' lang='lat' dir='ltr'>haut</span> <span class='ocrx_word' id='word_1_192' title='bbox 1072 2026 1223 2082; x_wconf 73' lang='lat' dir='ltr'>magns</span> <span class='ocrx_word' id='word_1_193' title='bbox 1251 2028 1380 2082; x_wconf 83' lang='lat' dir='ltr'>preti,</span> <span class='ocrx_word' id='word_1_194' title='bbox 1579 2038 1643 2069; x_wconf 78' lang='lat'>145</span> 
     </span>
     <span class='ocr_line' id='line_1_28' title="bbox 115 2099 1163 2150; baseline -0.002 -8"><span class='ocrx_word' id='word_1_195' title='bbox 115 2099 251 2150; x_wconf 86' lang='lat' dir='ltr'>Quem</span> <span class='ocrx_word' id='word_1_196' title='bbox 284 2101 544 2142; x_wconf 78' lang='lat' dir='ltr'>concubinae</span> <span class='ocrx_word' id='word_1_197' title='bbox 577 2099 702 2142; x_wconf 72' lang='lat' dir='ltr'>miles</span> <span class='ocrx_word' id='word_1_198' title='bbox 735 2099 955 2142; x_wconf 90' lang='lat' dir='ltr'>custodem</span> <span class='ocrx_word' id='word_1_199' title='bbox 989 2099 1163 2141; x_wconf 74' lang='lat' dir='ltr'>addidit.</span> 
     </span>
    </p>

    <p class='ocr_par' dir='ltr' id='par_1_23' title="bbox 115 2169 1056 2214">
     <span class='ocr_line' id='line_1_29' title="bbox 115 2169 1056 2214; baseline -0.001 -1"><span class='ocrx_word' id='word_1_200' title='bbox 115 2171 169 2213; x_wconf 87' lang='lat' dir='ltr'>Ei</span> <span class='ocrx_word' id='word_1_201' title='bbox 199 2173 278 2214; x_wconf 85' lang='lat' dir='ltr'>nos</span> <span class='ocrx_word' id='word_1_202' title='bbox 312 2171 459 2213; x_wconf 87' lang='lat' dir='ltr'>facetis</span> <span class='ocrx_word' id='word_1_203' title='bbox 491 2171 666 2213; x_wconf 71' lang='lat' dir='ltr'>fabricis</span> <span class='ocrx_word' id='word_1_204' title='bbox 701 2174 743 2213; x_wconf 91' lang='lat' dir='ltr'>et</span> <span class='ocrx_word' id='word_1_205' title='bbox 775 2169 912 2213; x_wconf 73' lang='lat' dir='ltr'>doctis</span> <span class='ocrx_word' id='word_1_206' title='bbox 946 2171 1056 2213; x_wconf 81' lang='lat' dir='ltr'>dolis</span> 
     </span>
    </p>

    <p class='ocr_par' dir='ltr' id='par_1_24' title="bbox 117 2241 1242 2298">
     <span class='ocr_line' id='line_1_30' title="bbox 117 2241 1242 2298; baseline 0 -14"><span class='ocrx_word' id='word_1_207' title='bbox 117 2241 400 2284; x_wconf 67' lang='lat' dir='ltr'>Glaucumam</span> <span class='ocrx_word' id='word_1_208' title='bbox 433 2243 486 2284; x_wconf 94' lang='lat' dir='ltr'>ob</span> <span class='ocrx_word' id='word_1_209' title='bbox 520 2243 666 2284; x_wconf 88' lang='lat' dir='ltr'>oculos</span> <span class='ocrx_word' id='word_1_210' title='bbox 701 2242 934 2284; x_wconf 89' lang='lat' dir='ltr'>obiciemus</span> <span class='ocrx_word' id='word_1_211' title='bbox 969 2245 1148 2298; x_wconf 78' lang='lat' dir='ltr'>eumque</span> <span class='ocrx_word' id='word_1_212' title='bbox 1181 2244 1242 2284; x_wconf 84' lang='lat' dir='ltr'>ita</span> 
     </span>
    </p>
   </div>
   <div class='ocr_carea' id='block_1_3' title="bbox 206 2339 400 2342">
    <p class='ocr_par' dir='ltr' id='par_1_25' title="bbox 206 2339 400 2342">
     <span class='ocr_line' id='line_1_31' title="bbox 206 2339 400 2342; baseline 0 0"><span class='ocrx_word' id='word_1_213' title='bbox 206 2339 400 2342; x_wconf 95' lang='lat' dir='ltr'> </span> 
     </span>
    </p>
   </div>
   <div class='ocr_carea' id='block_1_4' title="bbox 115 2394 1644 2547">
    <p class='ocr_par' dir='ltr' id='par_1_26' title="bbox 115 2394 1644 2547">
     <span class='ocr_line' id='line_1_32' title="bbox 117 2394 1643 2439; baseline -0.001 -10"><span class='ocrx_word' id='word_1_214' title='bbox 117 2398 195 2429; x_wconf 79' lang='lat'>121.</span> <span class='ocrx_word' id='word_1_215' title='bbox 227 2394 380 2439; x_wconf 79' lang='lat' dir='ltr'>p&#39;quam</span> <span class='ocrx_word' id='word_1_216' title='bbox 405 2394 461 2437; x_wconf 91' lang='lat' dir='ltr'>B,</span> <span class='ocrx_word' id='word_1_217' title='bbox 491 2395 514 2428; x_wconf 77' lang='lat' dir='ltr'>i.</span> <span class='ocrx_word' id='word_1_218' title='bbox 542 2406 568 2429; x_wconf 91' lang='lat' dir='ltr'>e.</span> <span class='ocrx_word' id='word_1_219' title='bbox 596 2406 795 2439; x_wconf 78' lang='lat' dir='ltr'>posquam,</span> <span class='ocrx_word' id='word_1_220' title='bbox 827 2399 868 2429; x_wconf 78' lang='lat' dir='ltr'>ut</span> <span class='ocrx_word' id='word_1_221' title='bbox 896 2399 964 2429; x_wconf 80' lang='lat'>124</span> <span class='ocrx_word' id='word_1_222' title='bbox 991 2395 1064 2430; x_wconf 81' lang='lat' dir='ltr'>CI)</span> <span class='ocrx_word' id='word_1_223' title='bbox 1088 2395 1219 2430; x_wconf 71' lang='lat' dir='ltr'>habent</span> <span class='ocrx_word' id='word_1_224' title='bbox 1318 2398 1384 2430; x_wconf 79' lang='lat'>132</span> <span class='ocrx_word' id='word_1_225' title='bbox 1416 2395 1457 2429; x_wconf 74' lang='lat' dir='ltr'>in</span> <span class='ocrx_word' id='word_1_226' title='bbox 1490 2397 1563 2429; x_wconf 77' lang='lat' dir='ltr'>tam</span> <span class='ocrx_word' id='word_1_227' title='bbox 1595 2394 1643 2428; x_wconf 82' lang='lat' dir='ltr'>Io-</span> 
     </span>
     <span class='ocr_line' id='line_1_33' title="bbox 115 2447 1644 2493; baseline 0 -11"><span class='ocrx_word' id='word_1_228' title='bbox 115 2448 224 2492; x_wconf 79' lang='lat' dir='ltr'>quaci</span> <span class='ocrx_word' id='word_1_229' title='bbox 250 2449 364 2492; x_wconf 73' lang='lat' dir='ltr'>inepti</span> <span class='ocrx_word' id='word_1_230' title='bbox 388 2452 420 2482; x_wconf 81' lang='lat' dir='ltr'>et</span> <span class='ocrx_word' id='word_1_231' title='bbox 445 2450 673 2493; x_wconf 73' lang='lat' dir='ltr'>repetitiones</span> <span class='ocrx_word' id='word_1_232' title='bbox 695 2449 841 2482; x_wconf 76' lang='lat' dir='ltr'>minime</span> <span class='ocrx_word' id='word_1_233' title='bbox 860 2449 1013 2483; x_wconf 64' lang='lat' dir='ltr'>vitantis</span> <span class='ocrx_word' id='word_1_234' title='bbox 1032 2453 1160 2493; x_wconf 75' lang='lat' dir='ltr'>poetae</span> <span class='ocrx_word' id='word_1_235' title='bbox 1179 2450 1392 2484; x_wconf 64' lang='lat' dir='ltr'>mci-ratione</span> <span class='ocrx_word' id='word_1_236' title='bbox 1412 2460 1491 2483; x_wconf 77' lang='lat' dir='ltr'>eam</span> <span class='ocrx_word' id='word_1_237' title='bbox 1513 2447 1644 2482; x_wconf 79' lang='lat' dir='ltr'>Gm&#39;eto</span> 
     </span>
     <span class='ocr_line' id='line_1_34' title="bbox 115 2501 1534 2547; baseline -0.001 -11"><span class='ocrx_word' id='word_1_238' title='bbox 115 2502 228 2536; x_wconf 78' lang='lat' dir='ltr'>delere</span> <span class='ocrx_word' id='word_1_239' title='bbox 258 2511 333 2535; x_wconf 72' lang='lat' dir='ltr'>ozon</span> <span class='ocrx_word' id='word_1_240' title='bbox 362 2502 499 2545; x_wconf 79' lang='lat' dir='ltr'>ausim,</span> <span class='ocrx_word' id='word_1_241' title='bbox 531 2503 594 2546; x_wconf 68' lang='lat' dir='ltr'>qui</span> <span class='ocrx_word' id='word_1_242' title='bbox 621 2503 659 2536; x_wconf 81' lang='lat' dir='ltr'>in</span> <span class='ocrx_word' id='word_1_243' title='bbox 688 2501 826 2536; x_wconf 76' lang='lat' dir='ltr'>Plauto</span> <span class='ocrx_word' id='word_1_244' title='bbox 850 2512 962 2546; x_wconf 77' lang='lat' dir='ltr'>‘neque</span> <span class='ocrx_word' id='word_1_245' title='bbox 986 2502 1072 2536; x_wconf 81' lang='lat' dir='ltr'>haec</span> <span class='ocrx_word' id='word_1_246' title='bbox 1097 2514 1208 2547; x_wconf 73' lang='lat' dir='ltr'>neque</span> <span class='ocrx_word' id='word_1_247' title='bbox 1232 2503 1309 2537; x_wconf 78' lang='lat' dir='ltr'>alia</span> <span class='ocrx_word' id='word_1_248' title='bbox 1336 2503 1534 2537; x_wconf 78' lang='lat' dir='ltr'>tolerarem.</span> 
     </span>
    </p>
   </div>
   <div class='ocr_carea' id='block_1_5' title="bbox 110 2555 1646 2928">
    <p class='ocr_par' dir='ltr' id='par_1_27' title="bbox 115 2555 1646 2664">
     <span class='ocr_line' id='line_1_35' title="bbox 118 2555 1642 2610; baseline 0 -10"><span class='ocrx_word' id='word_1_249' title='bbox 118 2570 194 2601; x_wconf 91' lang='lat'>133.</span> <span class='ocrx_word' id='word_1_250' title='bbox 227 2555 396 2601; x_wconf 69' lang='lat' dir='ltr'>nontium</span> <span class='ocrx_word' id='word_1_251' title='bbox 422 2566 461 2600; x_wconf 87' lang='lat' dir='ltr'><em>D</em></span> <span class='ocrx_word' id='word_1_252' title='bbox 486 2565 656 2601; x_wconf 85' lang='lat' dir='ltr'>nuntium</span> <span class='ocrx_word' id='word_1_253' title='bbox 684 2579 712 2610; x_wconf 86' lang='grc' dir='ltr'>φ</span> <span class='ocrx_word' id='word_1_254' title='bbox 836 2569 912 2601; x_wconf 72' lang='lat'>134.</span> <span class='ocrx_word' id='word_1_255' title='bbox 945 2566 1049 2601; x_wconf 85' lang='lat' dir='ltr'>uenit</span> <span class='ocrx_word' id='word_1_256' title='bbox 1078 2567 1108 2601; x_wconf 86' lang='lat' dir='ltr'>is</span> <span class='ocrx_word' id='word_1_257' title='bbox 1140 2569 1177 2603; x_wconf 89' lang='lat' dir='ltr'>et</span> <span class='ocrx_word' id='word_1_258' title='bbox 1201 2567 1237 2602; x_wconf 85' lang='lat' dir='ltr'><em>R</em></span> <span class='ocrx_word' id='word_1_259' title='bbox 1263 2568 1367 2602; x_wconf 89' lang='lat' dir='ltr'>uenit</span> <span class='ocrx_word' id='word_1_260' title='bbox 1398 2568 1435 2602; x_wconf 88' lang='lat' dir='ltr'>et</span> <span class='ocrx_word' id='word_1_261' title='bbox 1465 2566 1496 2601; x_wconf 88' lang='lat' dir='ltr'>is</span> <span class='ocrx_word' id='word_1_262' title='bbox 1521 2566 1642 2609; x_wconf 76' lang='lat' dir='ltr'>BeD,</span> 
     </span>
     <span class='ocr_line' id='line_1_36' title="bbox 115 2618 1646 2664; baseline 0.001 -11"><span class='ocrx_word' id='word_1_263' title='bbox 115 2620 219 2654; x_wconf 79' lang='lat' dir='ltr'>cuius</span> <span class='ocrx_word' id='word_1_264' title='bbox 250 2620 496 2654; x_wconf 72' lang='lat' dir='ltr'>collocationis</span> <span class='ocrx_word' id='word_1_265' title='bbox 527 2620 658 2654; x_wconf 78' lang='lat' dir='ltr'>idonea</span> <span class='ocrx_word' id='word_1_266' title='bbox 689 2621 849 2664; x_wconf 69' lang='lat' dir='ltr'>exempla</span> <span class='ocrx_word' id='word_1_267' title='bbox 881 2621 1050 2655; x_wconf 75' lang='lat' dir='ltr'>desidero.</span> <span class='ocrx_word' id='word_1_268' title='bbox 1102 2620 1262 2656; x_wconf 86' lang='lat' dir='ltr'>uenietis</span> <span class='ocrx_word' id='word_1_269' title='bbox 1287 2621 1352 2655; x_wconf 87' lang='lat' dir='ltr'>Ba</span> <span class='ocrx_word' id='word_1_270' title='bbox 1379 2620 1483 2654; x_wconf 87' lang='lat' dir='ltr'>uenit</span> <span class='ocrx_word' id='word_1_271' title='bbox 1509 2618 1588 2654; x_wconf 83' lang='lat' dir='ltr'>eius</span> <span class='ocrx_word' id='word_1_272' title='bbox 1616 2619 1646 2654; x_wconf 82' lang='lat' dir='ltr'><em>G</em></span> 
     </span>
    </p>

    <p class='ocr_par' dir='ltr' id='par_1_28' title="bbox 110 2673 1643 2928">
     <span class='ocr_line' id='line_1_37' title="bbox 213 2673 1642 2718; baseline 0.001 -12"><span class='ocrx_word' id='word_1_273' title='bbox 213 2676 291 2708; x_wconf 83' lang='lat'>136.</span> <span class='ocrx_word' id='word_1_274' title='bbox 324 2673 433 2717; x_wconf 84' lang='lat' dir='ltr'>Isque</span> <span class='ocrx_word' id='word_1_275' title='bbox 466 2674 561 2707; x_wconf 76' lang='lat' dir='ltr'>inter</span> <span class='ocrx_word' id='word_1_276' title='bbox 592 2673 669 2707; x_wconf 76' lang='lat' dir='ltr'>alia</span> <span class='ocrx_word' id='word_1_277' title='bbox 692 2674 884 2717; x_wconf 64' lang='lat' dir='ltr'>proposuit</span> <span class='ocrx_word' id='word_1_278' title='bbox 913 2674 1114 2708; x_wconf 70' lang='lat' dir='ltr'>Bluellerus</span> <span class='ocrx_word' id='word_1_279' title='bbox 1133 2674 1280 2718; x_wconf 76' lang='lat' dir='ltr'>prosod.</span> <span class='ocrx_word' id='word_1_280' title='bbox 1308 2677 1386 2708; x_wconf 81' lang='lat'>327.</span> <span class='ocrx_word' id='word_1_281' title='bbox 1440 2674 1569 2718; x_wconf 89' lang='lat' dir='ltr'>Itaque</span> <span class='ocrx_word' id='word_1_282' title='bbox 1596 2687 1642 2708; x_wconf 82' lang='lat' dir='ltr'>m:</span> 
     </span>
     <span class='ocr_line' id='line_1_38' title="bbox 115 2725 1641 2772; baseline 0 -12"><span class='ocrx_word' id='word_1_283' title='bbox 115 2725 298 2760; x_wconf 78' lang='lat' dir='ltr'>aberravit</span> <span class='ocrx_word' id='word_1_284' title='bbox 316 2726 492 2760; x_wconf 77' lang='lat' dir='ltr'>librarius</span> <span class='ocrx_word' id='word_1_285' title='bbox 511 2726 561 2760; x_wconf 76' lang='lat' dir='ltr'>acl</span> <span class='ocrx_word' id='word_1_286' title='bbox 577 2736 606 2759; x_wconf 82' lang='grc' dir='ltr'>υ.</span> <span class='ocrx_word' id='word_1_287' title='bbox 624 2729 701 2760; x_wconf 88' lang='grc'>138.</span> <span class='ocrx_word' id='word_1_288' title='bbox 779 2730 856 2761; x_wconf 82' lang='grc'><strong>147.</strong></span> <span class='ocrx_word' id='word_1_289' title='bbox 878 2726 1013 2772; x_wconf 86' lang='lat' dir='ltr'>doctis]</span> <span class='ocrx_word' id='word_1_290' title='bbox 1029 2725 1056 2759; x_wconf 90' lang='lat' dir='ltr'>F</span> <span class='ocrx_word' id='word_1_291' title='bbox 1072 2754 1078 2760; x_wconf 83' lang='lat'>.</span> <span class='ocrx_word' id='word_1_292' title='bbox 1096 2755 1101 2761; x_wconf 95' lang='lat'>.</span> <span class='ocrx_word' id='word_1_293' title='bbox 1120 2754 1125 2760; x_wconf 94' lang='lat'>.</span> <span class='ocrx_word' id='word_1_294' title='bbox 1143 2754 1149 2760; x_wconf 93' lang='lat'>.</span> <span class='ocrx_word' id='word_1_295' title='bbox 1167 2726 1189 2759; x_wconf 90' lang='lat' dir='ltr'>S</span> <span class='ocrx_word' id='word_1_296' title='bbox 1204 2726 1258 2760; x_wconf 84' lang='lat' dir='ltr'>A:</span> <span class='ocrx_word' id='word_1_297' title='bbox 1272 2730 1356 2770; x_wconf 75' lang='lat' dir='ltr'>post</span> <span class='ocrx_word' id='word_1_298' title='bbox 1370 2726 1397 2760; x_wconf 87' lang='lat' dir='ltr'><strong>F</strong></span> <span class='ocrx_word' id='word_1_299' title='bbox 1413 2726 1580 2761; x_wconf 77' lang='lat' dir='ltr'>Loewius</span> <span class='ocrx_word' id='word_1_300' title='bbox 1594 2727 1641 2761; x_wconf 87' lang='lat' dir='ltr'>RI</span> 
     </span>
     <span class='ocr_line' id='line_1_39' title="bbox 115 2779 1643 2824; baseline 0.001 -11"><span class='ocrx_word' id='word_1_301' title='bbox 115 2779 323 2824; x_wconf 67' lang='lat' dir='ltr'>(liquescere</span> <span class='ocrx_word' id='word_1_302' title='bbox 353 2780 460 2824; x_wconf 75' lang='lat' dir='ltr'>quasi</span> <span class='ocrx_word' id='word_1_303' title='bbox 484 2790 552 2823; x_wconf 79' lang='lat' dir='ltr'>per</span> <span class='ocrx_word' id='word_1_304' title='bbox 583 2779 745 2814; x_wconf 77' lang='lat' dir='ltr'>tenebras</span> <span class='ocrx_word' id='word_1_305' title='bbox 776 2781 847 2815; x_wconf 74' lang='lat' dir='ltr'>sibi</span> <span class='ocrx_word' id='word_1_306' title='bbox 879 2780 979 2814; x_wconf 69' lang='lat' dir='ltr'>visus</span> <span class='ocrx_word' id='word_1_307' title='bbox 1004 2783 1054 2813; x_wconf 77' lang='lat' dir='ltr'>est</span> <span class='ocrx_word' id='word_1_308' title='bbox 1083 2779 1312 2823; x_wconf 73' lang='lat' dir='ltr'>sequentibus</span> <span class='ocrx_word' id='word_1_309' title='bbox 1337 2779 1480 2813; x_wconf 73' lang='lat' dir='ltr'>duabus</span> <span class='ocrx_word' id='word_1_310' title='bbox 1513 2780 1643 2814; x_wconf 73' lang='lat' dir='ltr'>litteris</span> 
     </span>
     <span class='ocr_line' id='line_1_40' title="bbox 110 2832 1638 2876; baseline 0.001 -10"><span class='ocrx_word' id='word_1_311' title='bbox 110 2833 223 2876; x_wconf 77' lang='lat' dir='ltr'>plane</span> <span class='ocrx_word' id='word_1_312' title='bbox 253 2833 434 2875; x_wconf 77' lang='lat' dir='ltr'>obductis,</span> <span class='ocrx_word' id='word_1_313' title='bbox 474 2836 624 2867; x_wconf 77' lang='lat' dir='ltr'>ceteram</span> <span class='ocrx_word' id='word_1_314' title='bbox 659 2832 754 2867; x_wconf 85' lang='lat' dir='ltr'>fictis</span> <span class='ocrx_word' id='word_1_315' title='bbox 786 2834 908 2867; x_wconf 72' lang='lat' dir='ltr'>minus</span> <span class='ocrx_word' id='word_1_316' title='bbox 940 2833 1024 2866; x_wconf 79' lang='lat' dir='ltr'>bene</span> <span class='ocrx_word' id='word_1_317' title='bbox 1058 2832 1240 2876; x_wconf 75' lang='lat' dir='ltr'>quadrare</span> <span class='ocrx_word' id='word_1_318' title='bbox 1275 2832 1482 2866; x_wconf 69' lang='lat' dir='ltr'>ridebatur:</span> <span class='ocrx_word' id='word_1_319' title='bbox 1519 2832 1638 2867; x_wconf 86' lang='lat' dir='ltr'>doctis</span> 
     </span>
     <span class='ocr_line' id='line_1_41' title="bbox 117 2885 627 2928; baseline 0.002 -9"><span class='ocrx_word' id='word_1_320' title='bbox 117 2885 385 2920; x_wconf 70' lang='lat' dir='ltr'>acllitteratioae</span> <span class='ocrx_word' id='word_1_321' title='bbox 410 2886 627 2928; x_wconf 74' lang='lat' dir='ltr'>(Iefemlitur.</span> 
     </span>
    </p>
   </div>
  </div>
 </body>
</html>
